@book{Hartley2003,
  title = {Multiple view geometry in computer vision},
  author = {Hartley, Richard and Zisserman, Andrew},
  year = {2003},
  publisher = {Cambridge university press}
}

@online{Sola2017,
   author = {{Sol{\`a}}, J.},
    title = "{Quaternion kinematics for the error-state Kalman filter}",
  journal = {ArXiv e-prints},
archivePrefix = "arXiv",
   eprint = {1711.02508},
 primaryClass = "cs.RO",
 keywords = {Computer Science - Robotics},
     year = 2017,
    month = nov,
   adsurl = {http://adsabs.harvard.edu/abs/2017arXiv171102508S},
  adsnote = {Provided by the SAO/NASA Astrophysics Data System}
}

@misc{Furgale2014,
  author = {Furgale, P.},
  year = 2014,
  month = june,
  title = {{Representing Robot Pose: The good, the bad, and the ugly}},
  howpublished = {\url{http://paulfurgale.info/news/2014/6/9/representing-robot-pose-the-good-the-bad-and-the-ugly}},
  note = {Accessed: 2018-11-15}
}

@article{Andrae2010,
  title={Dos and don'ts of reduced chi-squared},
  author={Andrae, Rene and Schulze-Hartung, Tim and Melchior, Peter},
  journal={arXiv preprint arXiv:1012.3754},
  year={2010}
}

@Article{Calonder2012,
  author        = {Calonder, Michael and Lepetit, Vincent and Ozuysal, Mustafa and Trzcinski, Tomasz and Strecha, Christoph and Fua, Pascal},
  title         = {BRIEF: Computing a local binary descriptor very fast},
  journal       = {IEEE Transactions on Pattern Analysis and Machine Intelligence (TPAMI)},
  year          = {2012},
  volume        = {34},
  number        = {7},
  pages         = {1281--1298},
  publisher     = {IEEE},
}

@InProceedings{Maddern2014,
  author        = {Will Maddern and Alex Stewart and Colin McManus and Ben Upcroft and Winston Churchill and Paul Newman},
  title         = {Illumination Invariant Imaging: Applications in Robust Vision-based Localisation, Mapping and Classification for Autonomous Vehicles},
  booktitle     = {Visual Place Recognition in Changing Environments Workshop, IEEE International Conference on Robotics and Automation (ICRA)},
  year          = {2014},
  address       = {Hong Kong, China},
  month         = {May},
  date-added    = {2014-04-29 01:10:22 +0000},
  date-modified = {2014-04-29 01:12:06 +0000},
  file          = {2014ICRA_maddern.pdf:http\://www.robots.ox.ac.uk/~mobile/Papers/2014ICRA_maddern.pdf:PDF},
}

@InProceedings{Rublee2011,
  author        = {Rublee, Ethan and Rabaud, Vincent and Konolige, Kurt and Bradski, Gary},
  title         = {{ORB}: An efficient alternative to {SIFT} or {SURF}},
  booktitle     = {IEEE International Conference on Computer Vision (ICCV)},
  year          = {2011},
  pages         = {2564--2571},
}

@InProceedings{Leutenegger2011,
  author        = {Leutenegger, Stefan and Chli, Margarita and Siegwart, Roland Y},
  title         = {BRISK: Binary robust invariant scalable keypoints},
  booktitle     = {IEEE International Conference on Computer Vision (ICCV)},
  year          = {2011},
  pages         = {2548--2555},
}

@InProceedings{Paul2017,
  author        = {Paul, Mrinal K and Wu, Kejian and Hesch, Joel A and Nerurkar, Esha D and Roumeliotis, Stergios I},
  title         = {A comparative analysis of tightly-coupled monocular, binocular, and stereo {VINS}},
  booktitle     = {IEEE International Conference on Robotics and Automation (ICRA)},
  year          = {2017},
  pages         = {165--172},
}

@Article{Sun2018,
  author        = {Sun, Ke and Mohta, Kartik and Pfrommer, Bernd and Watterson, Michael and Liu, Sikang and Mulgaonkar, Yash and Taylor, Camillo J and Kumar, Vijay},
  title         = {Robust stereo visual inertial odometry for fast autonomous flight},
  journal       = {IEEE Robotics and Automation Letters (RA-L)},
  year          = {2018},
  volume        = {3},
  number        = {2},
  pages         = {965--972},
  publisher     = {IEEE},
}

@InProceedings{Rublee2011,
  author        = {Rublee, Ethan and Rabaud, Vincent and Konolige, Kurt and Bradski, Gary},
  title         = {{ORB}: An efficient alternative to {SIFT} or {SURF}},
  booktitle     = {IEEE International Conference on Computer Vision (ICCV)},
  year          = {2011},
  pages         = {2564--2571},
}


@InProceedings{Bay2006,
  author        = {Bay, Herbert and Tuytelaars, Tinne and Van Gool, Luc},
  title         = {Surf: Speeded up robust features},
  booktitle     = {European Conference on Computer Vision (ECCV)},
  year          = {2006},
  pages         = {404--417},
  organization  = {Springer},
}

@InProceedings{Lowe1999,
  author        = {Lowe, David G},
  title         = {Object recognition from local scale-invariant features},
  booktitle     = {IEEE International Conference on Computer Vision (ICCV)},
  year          = {1999},
  pages         = {1150--1157},
}

@InProceedings{Rosten2006,
  author        = {Rosten, Edward and Drummond, Tom},
  title         = {Machine learning for high-speed corner detection},
  booktitle     = {European Conference on Computer Vision (ECCV)},
  year          = {2006},
  pages         = {430--443},
  organization  = {Springer},
}

@InProceedings{Calonder2010,
  author        = {Calonder, Michael and Lepetit, Vincent and Strecha, Christoph and Fua, Pascal},
  title         = {Brief: Binary robust independent elementary features},
  booktitle     = {European Conference on Computer Vision (ECCV)},
  year          = {2010},
  pages         = {778--792},
  organization  = {Springer},
}
